%YAML 1.1
%TAG !u! tag:unity3d.com,2011:
--- !u!1 &165910
GameObject:
  m_ObjectHideFlags: 0
  m_PrefabParentObject: {fileID: 0}
  m_PrefabInternal: {fileID: 100100000}
  serializedVersion: 4
  m_Component:
  - 4: {fileID: 456480}
  - 114: {fileID: 11422632}
  - 114: {fileID: 11472290}
  m_Layer: 0
  m_Name: Game Controller
  m_TagString: Untagged
  m_Icon: {fileID: 0}
  m_NavMeshLayer: 0
  m_StaticEditorFlags: 0
  m_IsActive: 1
--- !u!4 &456480
Transform:
  m_ObjectHideFlags: 1
  m_PrefabParentObject: {fileID: 0}
  m_PrefabInternal: {fileID: 100100000}
  m_GameObject: {fileID: 165910}
  m_LocalRotation: {x: 0, y: 0, z: 0, w: 1}
  m_LocalPosition: {x: 4.5, y: 4.5, z: 0}
  m_LocalScale: {x: 1, y: 1, z: 1}
  m_Children: []
  m_Father: {fileID: 0}
  m_RootOrder: 0
--- !u!114 &11422632
MonoBehaviour:
  m_ObjectHideFlags: 1
  m_PrefabParentObject: {fileID: 0}
  m_PrefabInternal: {fileID: 100100000}
  m_GameObject: {fileID: 165910}
  m_Enabled: 1
  m_EditorHideFlags: 0
  m_Script: {fileID: 11500000, guid: 4cf889ca00410354ea93ec949fe1b37f, type: 3}
  m_Name: 
  m_EditorClassIdentifier: 
  isPlayerTurn: 0
  areEnemiesMoving: 0
--- !u!114 &11472290
MonoBehaviour:
  m_ObjectHideFlags: 1
  m_PrefabParentObject: {fileID: 0}
  m_PrefabInternal: {fileID: 100100000}
  m_GameObject: {fileID: 165910}
  m_Enabled: 1
  m_EditorHideFlags: 0
  m_Script: {fileID: 11500000, guid: e42b8f7a8f12dde41ab2f03146a48ac8, type: 3}
  m_Name: 
  m_EditorClassIdentifier: 
  columns: 10
  rows: 10
  floors:
  - {fileID: 160058, guid: 8f6a119251bd421488fab7d2dca5ede4, type: 2}
  - {fileID: 118840, guid: ab8732fb4f4e65e4f87acf28a84b8215, type: 2}
  - {fileID: 174236, guid: 5e13d4b78b6694f48ba79916f9455273, type: 2}
  - {fileID: 198996, guid: fba3e09354cd393459d587eeeabe1be5, type: 2}
  - {fileID: 130418, guid: b578f1de04b25e948bb0e47278d4a6bd, type: 2}
  - {fileID: 185094, guid: 0fbdc6fda7de2da448324c54ac42ff05, type: 2}
  - {fileID: 137490, guid: c4cf7aaafb3adee4eadc0899e6541d8c, type: 2}
  - {fileID: 139596, guid: 911cab86570fb6c428898499edf2f3a9, type: 2}
  outerwalls:
  - {fileID: 145612, guid: 9f5f398d477afec4881123fbc95cffc9, type: 2}
  - {fileID: 168760, guid: 1c4c747e5b845294d93e7f002517b8d7, type: 2}
  - {fileID: 113706, guid: dae2bc4a7fbc5854fb7cfa6cb91b5a37, type: 2}
  wallObstacles:
  - {fileID: 180160, guid: 5afc0b655903a304db18a0a5c21dc0d1, type: 2}
  - {fileID: 179710, guid: bc4f7801e5c257544ad5cf6adcd55d04, type: 2}
  - {fileID: 199128, guid: 2a3e980ba8357614c8d71c3052a59a83, type: 2}
  - {fileID: 166776, guid: aef43c26296f3984d81146c8b7c0d049, type: 2}
  - {fileID: 199648, guid: 0d249b877f6f0e94587e64fa88d2aa79, type: 2}
  - {fileID: 165184, guid: 3bc04ff1eb8dc8d48ba178172c0b2088, type: 2}
  - {fileID: 155686, guid: 685d559e36f6f864bb7fab06877dcac3, type: 2}
  - {fileID: 151930, guid: 773e03a7f586b424ca317756d42b7c48, type: 2}
  foodItems:
  - {fileID: 100908, guid: 81a3e84d0f68a064499802987cdef717, type: 2}
  - {fileID: 117546, guid: 586a12c1b3ff39346929ee0d4c8d7f11, type: 2}
  enemies:
  - {fileID: 172680, guid: dd9d59dbc2e06e847bfde2eca7f4c1a3, type: 2}
  - {fileID: 154050, guid: bf8ba38a7177ffd4cb6a90b4f030eda9, type: 2}
  exit: {fileID: 101834, guid: 1ce39172303c9e74eb7ce18145e285b8, type: 2}
--- !u!1001 &100100000
Prefab:
  m_ObjectHideFlags: 1
  serializedVersion: 2
  m_Modification:
    m_TransformParent: {fileID: 0}
    m_Modifications: []
    m_RemovedComponents: []
  m_ParentPrefab: {fileID: 0}
  m_RootGameObject: {fileID: 165910}
  m_IsPrefabParent: 1
